

@book{condit1998tropical,
  title={Tropical forest census plots: methods and results from Barro Colorado Island, Panama and a comparison with other plots},
  author={Condit, Richard},
  year={1998},
  publisher={Springer Science \& Business Media}
}


@book{croat1978flora,
  title={Flora of barro colorado island},
  author={Croat, Thomas B},
  year={1978},
  publisher={Stanford University Press}
}
@incollection{xu2017malvaceae,
  title={Malvaceae},
  author={Xu, Zhenghao and Deng, Meihua},
  booktitle={Identification and Control of Common Weeds: Volume 2},
  pages={717--735},
  year={2017},
  publisher={Springer}
}

@article{moreno2012ambito,
  title={{\'A}mbito de hogar y actividad circadiana del ocelote (Leopardus pardalis) en la isla de Barro Colorado, Panam{\'a}},
  author={Moreno, Ricardo},
  journal={Mesoamericana},
  volume={16},
  number={3},
  pages={30--39},
  year={2012}
}

@article{ledesma2008introduccion,
  title={Introducci{\'o}n al Bootstrap. Desarrollo de un ejemplo acompa{\~n}ado de software de aplicaci{\'o}n},
  author={Ledesma, Rub{\'e}n},
  journal={Tutorials in quantitative methods for psychology},
  volume={4},
  number={2},
  pages={51--60},
  year={2008}
}

@article{clark2002factores,
  title={Los factores ed{\'a}ficos y la distribuci{\'o}n de las plantas},
  author={Clark, David B},
  journal={Ecolog{\'\i}a y conservaci{\'o}n de bosques neotropicales. LUR, Cartago, Costa Rica},
  pages={193--221},
  year={2002}
}

@Manual{,
    title = {vegan: Community Ecology Package},
    author = {Jari Oksanen and F. Guillaume Blanchet and Michael Friendly and Roeland Kindt and Pierre Legendre and Dan McGlinn and Peter R. Minchin and R. B. O'Hara and Gavin L. Simpson and Peter Solymos and M. Henry H. Stevens and Eduard Szoecs and Helene Wagner},
    year = {2019},
    note = {R package version 2.5-6},
    url = {https://CRAN.R-project.org/package=vegan},
  }
  @Book{,
    title = {Tree diversity analysis. A manual and software for common statistical methods for ecological and biodiversity studies},
    author = {R. Kindt and R. Coe},
    publisher = {World Agroforestry Centre (ICRAF)},
    address = {Nairobi (Kenya)},
    year = {2005},
    note = {ISBN 92-9059-179-X},
    url = {http://www.worldagroforestry.org/output/tree-diversity-analysis},
  }
  
    @Manual{,
    title = {Associations between species and groups of sites: indices and statistical inference},
    author = {Miquel {De Caceres} and Pierre Legendre},
    journal = {Ecology},
    year = {2009},
    url = {http://sites.google.com/site/miqueldecaceres/},
  }
  
  @Manual{,
    title = {tidyverse: Easily Install and Load the 'Tidyverse'},
    author = {Hadley Wickham},
    year = {2017},
    note = {R package version 1.2.1},
    url = {https://CRAN.R-project.org/package=tidyverse},
  }
  
@software{jose_ramon_martinez_batlle_2020_4402362,
  author       = {José Ramón Martínez Batlle},
  title        = {{biogeografia-master/scripts-de-analisis-BCI: Long 
                   coding sessions}},
  month        = dec,
  year         = 2020,
  publisher    = {Zenodo},
  version      = {v0.0.0.9000},
  doi          = {10.5281/zenodo.4402362},
  url          = {https://doi.org/10.5281/zenodo.4402362}
}


  